@article{PemsPravin,
  title={Freeway performance measurement system: operational analysis tool},
  author={Choe, Tom and Skabardonis, Alexander and Varaiya, Pravin},
  journal={Transportation Research Record: Journal of the Transportation Research Board},
  volume={1811},
  number={1},
  pages={67--75},
  year={2002},
  publisher={Trans Res Board}
}